@article{schliep, 
    title={Multilevel {L}atent {G}aussian {P}rocess {M}odel for {M}ixed {D}iscrete and {C}ontinuous {M}ultivariate {R}esponse {D}ata},
    volume={18}, 
    DOI={10.1007/s13253-013-0136-z}, 
    number={4}, 
    journal={Journal of Agricultural, Biological, and Environmental Statistics}, 
    author={Schliep, Erin M. and Hoeting, Jennifer A.}, 
    year={2013}, 
    month={Nov}, 
    pages={492–513}
}

@book{cressie_wikle_2011, 
    place={Hoboken, NJ}, 
    title={Statistics for {S}patio-{T}emporal {D}ata}, 
    publisher={John Wiley and Sons}, 
    author={Cressie, Noel A. C. and Wikle, Christopher K.},
    year={2011}
}

@article{hooten_wikle_2007, 
    title={A hierarchical {B}ayesian non-linear spatio-temporal model for the spread of invasive species with application to the {E}urasian {C}ollared-{D}ove}, 
    volume={15}, 
    DOI={10.1007/s10651-007-0040-1}, 
    number={1}, journal={Environmental and Ecological Statistics},
    author={Hooten, Mevin B. and Wikle, Christopher K.},
    year={2007}, 
    month={Dec}, 
    pages={59–70}
}

@misc{iotc,
    Author = {Seychelles, Maven},
    Howpublished = {\url{http://www.iotc.org/}},
    Title = {IOTC | Indian Ocean Tuna Commission / Commission des Thons de lOcéan Indien},
    Url = {http://www.iotc.org/},
    Year = {2018},
}


@misc{iattc,
    Author = {{IATTC}},
    Date-Modified = {2018-06-11},
    Howpublished = {\url{https://www.iattc.org/HomeENG.htm}},
    Title = {Inter-American-Tropical-Tuna-Commission},
    Url = {https://www.iattc.org/HomeENG.htm},
    Year = {2018},
}


@article{argo, 
    title={Argo float data and metadata from {G}lobal {D}ata {A}ssembly {C}entre ({A}rgo {GDAC}) - {S}napshot of {A}rgo {GDAC} of {O}ctober 8st 2018},
    DOI={ttps://doi.org/10.17882/42182#59213}, 
    journal={SEANOE},
    author={Argo},
    year={2018},
}

@misc{narccap,
    Author = {{NARCCAP}},
    Date-Added = {2007},
    Howpublished = {\url{http://www.narccap.ucar.edu/index.html}},
    Title = {NARCCAP: The North American Regional Climate Change Assessment Program},
    Url = {http://www.narccap.ucar.edu/index.html},
    Year = {2007}
}


@article{wikle_2017, 
    title={Hierarchical {M}odels for {U}ncertainty {Q}uantification: {A}n {O}verview},
    DOI={10.1007/978-3-319-12385-1\_4}, journal={Handbook of Uncertainty Quantification}, 
    author={Wikle, Christopher K.}, 
    year={2017}, 
    pages={193–218}
}

@misc{copepod,
    Author = {{COPEPOD}},
    Date-Modified = {2017-09},
    Howpublished = {\url{https://www.st.nmfs.noaa.gov/copepod/content/region_npac.html}},
    Month = {September},
    Title = {COPEPOD: geo-search North Pacific},
    Url = {https://www.st.nmfs.noaa.gov/copepod/content/region\_npac.html},
    Year = {2017},
}

